@book{Wachspress,
  title = {{A} {R}ationale {F}inite {E}lement {B}asis},
  publisher = {New York : Academic Press},
  year = {1975},
  author = {Wachspress},
}


@article{Kuznetsov2004,
  author = {Y. Kuznetsov and K. Lipnikov and M. Shashkov},
  title = {{T}he mimetic finite difference method on polygonal meshes for diffusion-type problems},
  journal = {Computational Geosciences},
  year = {2004},
  volume = {8},
  pages = {301-324},
}


@PhDThesis{BaileyPhD,
  author = {Teresa S. Bailey},
  title = {{T}he piecewise linear discontinuous finite element method applied to the {RZ} and {XYZ} transport equations},
  school = {Texas A\&M University},
  year = {2008},
}


@incollection{lions1968,
year={2011},
isbn={978-3-642-11056-6},
booktitle={Numerical Analysis of Partial Differential Equations},
volume={44},
series={C.I.M.E. Summer Schools},
editor={Lions, JacquesLouis},
doi={10.1007/978-3-642-11057-3_12},
title={Problemes aux Limites non Homogenes a Donnees Irregulieres},
url={http://dx.doi.org/10.1007/978-3-642-11057-3_12},
publisher={Springer Berlin Heidelberg},
author={Lions, J.L.},
pages={283-292},
language={French}
}


@inproceedings{garimella-2004-mstk,
author = {R. V. Garimella},
title = {MSTK: A Flexible Infrastructure Library for Developing Mesh-based Applications},
year = {2004},
urlpdf = {http://math.lanl.gov/Research/Publications/Docs/garimella-2004-mstk.pdf},
booktitle = {Proceedings of the 13th International Meshing Roundtable, Williamsburg, VA.}
}


@misc{cgal,
    title = "\textsc{Cgal}, {C}omputational {G}eometry {A}lgorithms {L}ibrary",
    note  = "http://www.cgal.org"
}

