@article{valentin,
  title   = "Implementation of the entropy viscosity method with the discontinuous Galerkin method",
  journal = "Berlin: Springer",
  volume  = "253",
  pages   = "479-490",
  year    = "2013",
  author  = "V. Zingan, J-L. Guermond, J. Morel and B. Popov"
}

@article{jlg1,
  title   = "Entropy viscosity method for nonlinear conservation laws",
  journal = "Journal of Comput. Phys",  
  volume  = "230",
  pages   = "4248-4267",
  year    = "2011",
  author  = "J-L. Guermond, R. Pasquetti"
  }

@article{jlg2,
  title   = "Entropy Viscosity Method for High-Order Approximations of Conservation Laws",
  journal = "Lecture Notes in Computational Science and Engineering",
  volume  = "76",
  pages   = "411-418",
  year    = "2011",
  author  = "J-L. Guermond, R. Pasquetti"
  }

@conference{jlg3,
  title   = "Entropy-based nonlinear viscosity for Fourrier approximations of conservation laws",
  booktitle = "C.R. Math. Acad. Sci.",
  volume = "326",
  pages   = "801-806",
  year    = "2008",
  address = "Paris",
  author  = "J-L. Guermond, R. Pasquetti"
  }

@book{Toro,
author    = "E.F. Toro",
title     = "Riemann Solvers and numerical methods for fluid dynamics",
year      = "1999",
publisher = "$2^{nd}$ Edition, Springer",
}

@article{jlg,
  title   = "Viscous regularization of the Euler equations and entropy principles",
  journal = "under review",
  year    = "2012",
  author  = "J-L. Guermond and B. Popov"
  }

@article{Moose,
  title   = "A parallel computational framework for coupled systems of nonlinear equations",
  journal = "Nucl. Eng. Design",
  volume  = "239",
  pages   = "1768-1778",
  year    = "2009",
  author  = "D. Gaston, C. Newsman, G. Hansen and D. Lebrun-Grandie"
  }

@article{JFNK,
  title   = "Jacobian-free Newton-Krylov methods: a survey of approaches and applications",
  journal = "Journal of Computational Physics",
  volume  = "193",
  pages   = "357-397",
  year    = "2004",
  author  = "Knoll D. A., Keyes D. E."
  }
  
@article{SEM,
  title   = "The discrete equation method (DEM) for fully compressible, two-phase flows in ducts of spatially varying cross-section",
  journal = "Nuclear Engineering and Design",
  volume  = "240",
  pages   = "3797-3818",
  year    = "2010",
  author  = "R. Berry, R. Saurel, O. LeMetayer"
  }

@article{Parabolic,
  title   = "On positivity preserving finite volume schemes for Euler equations",
  journal = "Numer. Math.",
  volume  = "73",
  pages   = "119-130",
  year    = "1996",
  author  = "Perthane B. and Shu C-W."
  }