@article{jlg1,
  title   = "Entropy viscosity method for nonlinear conservation laws",
  author  = "J L Guermond and R Pasquetti",
  journal = "Journal of Comput. Phys",
  volume  = "230",
  pages   = "4248-4267",
  year    = "2011",
  }

@article{jlg2,
  title   = "Entropy Viscosity Method for High-Order Approximations of Conservation Laws",
  author  = "J L Guermond and R Pasquetti",
  journal = "Lecture Notes in Computational Science and Engineering",
  volume  = "76",
  pages   = "411-418",
  year    = "2011",
  }

@book{Toro,
  author    = "E F Toro",
  title     = "Riemann Solvers and numerical methods for fluid dynamics",
  year      = "1999",
  publisher = "$2^{nd}$ Edition, Springer",
  }

@article{jlg,
  title   = "Viscous regularization of the Euler equations and entropy principles",
  author  = "J L Guermond and B Popov",
  journal = "under review",
  year    = "2012",
  }	
	
@article{Moose,
  title   = "A parallel computational framework for coupled systems of nonlinear equations",
  author  = "D Gaston and C Newsman and G Hansen and D Lebrun-Grandie",
  journal = "Nucl. Eng. Design",
  volume  = "239",
  pages   = "1768-1778",
  year    = "2009",
  }	
  
@article{marco_inl_report,
  title   = "Entropy-based viscous regularization for the multi-dimensional Euler equations in low-Mach and transonic flows",
  author  = "M O Delchini and J C Ragusa and R Berry",
  journal = "under review",
  year    = "2014",
  }

@article{SGEOS,
  title   = "Elaborating equation of state for a liquid and its vapor for two-phase flow models",
  author  = "O LeMetayer and J Massoni and R Saurel",
  journal = "International Journal of Thermal Science",
  volume  = "43",
  pages   = "265-276",
  year    = "2004",
  }

@article{LowMach1,
  title   = "On the behavior of upwind schemes in the low Mach number limit",
  author  = "H Guillard and C Viozat",
  journal = "Computers \& Fluids",
  volume  = "28",
  pages   = "63-86",
  year    = "1999",
  }

@article{LowMach2,
  title   = "Preconditioned techniques in computational fluid dynamics",
  author  = "E Turkel",
  journal = "Annu. Rev. Fluid Mech.",
  volume  = "31",
  pages   = "385-416",
  year    = "1999",
  }

@article{LowMach3,
  title   = "The solution of the compressible Euler equations at low Mach numbers using a stabilized finite element algorithm",
  author  = "J S Wong D L and Darmofal and J Peraire",
  journal = "Comput. Methods Appl. Mech. Engrg.",
  volume  = "190",
  pages   = "5719-5737",
  year    = "2001",
  }
  
@article{berry,
  title   = "A logical progression of steps for implementation and testing of the 7-equation, two-phase model into a computational framework",
  author  = "R Berry",
  journal = "International Conference on Mathematics and Computational Methods Applied to Nuclear Science \& Engineering",
  year    = "2013",
  }

@article{DEM,
  title   = "The discrete equation method (DEM) for fully compressible, two-phase flows in ducts of spatially varying cross-section",
  journal = "Nuclear Engineering and Design",
  volume  = "240",
  pages   = "3797-3818",
  year    = "2010",
  author  = "R. Berry, R. Saurel, O. LeMetayer"
  }
  
@Techreport{Berry_2014,
  author= "R.~A.~Berry and J.~W.~Peterson and H.~Zhang and R.~C.~Martineau and H.~Zhao and L.~Zou and D.~Andrs",
  title = "RELAP-7 Theory Manual",
  year = 2014,
  institution = "Idaho National Laboratory",
  number = "INL/EXT-14-31366",
  address = "U. S. A."
}